@article{Budilovsky11,
    author  = "{Evgeny Budilovsky,  Sivan Toledo and Aviad Zuck}",
    title   = "{Prototyping a High-Performance Low-Cost Solid-State Disk}",
    year    = "{2011}",
    journal = "{SYSTOR '11}",
    volume  = "",
    number  = "{13}",
    pages   = ""
}
@article{Gupta09,
    author  = "{Aayush Gupta,  Youngjae Kim and  Bhuvan Urgaonkar}",
    title   = "{{DFTL}: a flash translation layer employing demand-based selective caching of page-level address mappings}",
    year    = "{2009}",
    journal = "{ASPLOS '09}",
    volume  = "",
    number  = "",
    pages   = "{229--240}"
}
@article{Tjioe12,
    author  = "{Jonathan Tjioe, Andr√©s Blanco,  Tao Xie and  Yiming Ouyang}",
    title   = "{Making Garbage Collection Wear Conscious for Flash SSD}",
    year    = "{2012}",
    journal = "{Networking, Architecture and Storage (NAS), 2012 IEEE 7th International Conference on}",
    volume  = "",
    number  = "",
    pages   = "{114--123}"
}
@boook{Menon98,
    author  = "{Jai Menon and Larry Stockmeyer}",
    title   = "{An age-threshold algorithm for garbage collection in log-structured arrays and file systems}",
    year    = "{1998}",
    journal = "{High Performance Computing Systems and Applications}",
    volume  = "",
    number  = "",
    pages   = "{119--132}"
}
@article{Rosenblum91,
    author  = "{Mendel Rosenblum and John K. Ousterhout}",
    title   = "{SOSP '91 Proceedings of the thirteenth ACM symposium on Operating systems principles}",
    year    = "{1991}",
    journal = "{Networking, Architecture and Storage (NAS), 2012 IEEE 7th International Conference on}",
    volume  = "",
    number  = "",
    pages   = "{1--15}"
}
@article{Toshiba,
    author  = "{Toshiba America Electronic Components, Inc.}",
    title   = "{NAND vs NOR Flash Memory Technology Overview}",
    year    = "{}",
    journal = "",
    volume  = "",
    number  = "",
    pages   = ""
}

